@inproceedings{DBLP:conf/icde/ElmehdwiSJ14,
  author    = {Yousef Elmehdwi and
               Bharath K. Samanthula and
               Wei Jiang},
  title     = {Secure k-nearest neighbor query over encrypted data in outsourced
               environments},
  booktitle = {{ICDE}},
  pages     = {664--675},
  year      = {2014},
}

@article{vldb17smcql,
  author    = {Johes Bater and
               Gregory Elliott and
               Craig Eggen and
               Satyender Goel and
               Abel N. Kho and
               Jennie Rogers},
  title     = {{SMCQL:} Secure Query Processing for Private Data Networks},
  journal   = {{PVLDB}},
  volume    = {10},
  number    = {6},
  pages     = {673--684},
  year      = {2017}
}

@inproceedings{eurosys19conclave,
  author    = {Nikolaj Volgushev and
               Malte Schwarzkopf and
               Ben Getchell and
               Mayank Varia and
               Andrei Lapets and
               Azer Bestavros},
  title     = {Conclave: secure multi-party computation on big data},
  booktitle = {{EuroSys}},
  pages     = {3:1--3:18},
  year      = {2019}
}

@inproceedings{DBLP:conf/sp/LiuWNHS15,
  author    = {Chang Liu and
               Xiao Shaun Wang and
               Kartik Nayak and
               Yan Huang and
               Elaine Shi},
  title     = {{ObliVM}: {A} Programming Framework for Secure Computation},
  booktitle = {{S\&P}},
  pages     = {359--376},
  year      = {2015},
}

@inproceedings{DBLP:conf/ccs/Keller20,
  author    = {Marcel Keller},
  title     = {{MP-SPDZ}: {A} Versatile Framework for Multi-Party Computation},
  booktitle = {{CCS}},
  pages     = {1575--1590},
  year      = {2020}
}

@article{DBLP:journals/sigmod/SinghB17,
  author    = {Hari Singh and
               Seema Bawa},
  title     = {A Survey of Traditional and MapReduce-Based Spatial Query Processing
               Approaches},
  journal   = {{SIGMOD} Record},
  volume    = {46},
  number    = {2},
  pages     = {18--29},
  year      = {2017},
}

@article{DBLP:conf/ccs/Bayatbabolghani18,
  author       = {Yehuda Lindell},
  title        = {Secure multiparty computation},
  journal      = {Communications of the {ACM}},
  volume       = {64},
  number       = {1},
  pages        = {86--96},
  year         = {2021},
}

@article{tkde21shi,
  author       = {Yexuan Shi and
                  Yongxin Tong and
                  Yuxiang Zeng and
                  Zimu Zhou and
                  Bolin Ding and
                  Lei Chen},
  title        = {Efficient Approximate Range Aggregation Over Large-Scale Spatial Data
                  Federation},
  journal      = {{IEEE} Trans. Knowl. Data Eng.},
  volume       = {35},
  number       = {1},
  pages        = {418--430},
  year         = {2023},
}

@article{DBLP:journals/iacr/ZahurE15,
  author    = {Samee Zahur and
               David Evans},
  title     = {Obliv-C: {A} Language for Extensible Data-Oblivious Computation},
  journal   = {{IACR} Cryptology ePrint Archive},
  volume    = {2015},
  pages     = {1153},
  year      = {2015}
}

@inproceedings{DBLP:conf/crypto/DamgardPSZ12,
  author    = {Ivan Damg{\aa}rd and
               Valerio Pastro and
               Nigel P. Smart and
               Sarah Zakarias},
  title     = {Multiparty Computation from Somewhat Homomorphic Encryption},
  booktitle = {{CRYPTO}},
  pages     = {643--662},
  year      = {2012}
}

@inproceedings{DBLP:conf/eurocrypt/Paillier99,
  author    = {Pascal Paillier},
  title     = {Public-Key Cryptosystems Based on Composite Degree Residuosity Classes},
  booktitle = {{EUROCRYPT}},
  pages     = {223--238},
  year      = {1999},
}

@misc{conclave,
    author = {Conclave},
    url = {https://github.com/multiparty/conclave},
    year = {2024}
}

@misc{gps,
    author = {GPS},
    url = {https://www.gps.gov/systems/gps/performance/accuracy/},
    year = {2024}
}

@misc{contact,
    title = {Communication travel card},
    url = {https://xc.caict.ac.cn/},
    year = {2024}
}

@misc{prism,
    author = {PRISM (surveillance program)},
    url = {https://en.wikipedia.org/wiki/PRISM_(surveillance_program)},
    year = {2024}
}

@misc{leakdata,
    author = {Facebook faces mass legal action over data leak},
    url = {https://www.bbc.com/news/technology-56772772},
    year = {2024}
}

@misc{trust,
    author = {2019 EDELMAN TRUST BAROMETER},
    url = {https://www.edelman.com/sites/g/files/aatuss191/files/2019-02/2019_Edelman_Trust_Barometer_Global_Report_2.pdf},
    year = {2024}
}

@misc{taxifed,
    author = {Numerous Beijing Taxi Brands to Collectively Connect to Amap's Ride-hailing Platform to Enable Online Operation},
    url = {https://aag.cc/newsinfo/517126.html},
    year = {2024}
}

@misc{sealcrypto,
    author = {{M}icrosoft {SEAL}},
    url = {https://github.com/Microsoft/SEAL},
    year = {2024}
}

@misc{osm,
    title = {{O}pen{S}treet{M}ap},
    url = {https://www.openstreetmap.org},
    year = {2024}
}

@misc{dataSecurityLaw,
    author = {Data Security Law of the People's Republic of China},
    url = {http://www.npc.gov.cn/npc/sjaqfca/sjaqfca.shtml},
    year = {2024}
}

@inproceedings{DBLP:conf/crypto/HaleviS14,
  author    = {Shai Halevi and
               Victor Shoup},
  title     = {Algorithms in HElib},
  booktitle = {{CRYPTO}},
  pages     = {554--571},
  year      = {2014}
}

@article{DBLP:journals/csur/ShanRBW18,
  author    = {Zihao Shan and
               Kui Ren and
               Marina Blanton and
               Cong Wang},
  title     = {Practical Secure Computation Outsourcing: {A} Survey},
  journal   = {{ACM} Comput. Surv.},
  volume    = {51},
  number    = {2},
  pages     = {31:1--31:40},
  year      = {2018},
}

@inproceedings{DBLP:conf/icde/WangR13,
  author    = {Peng Wang and
               Chinya V. Ravishankar},
  title     = {Secure and efficient range queries on outsourced databases using Rp-trees},
  booktitle = {{ICDE}},
  pages     = {314--325},
  year      = {2013},
}

@inproceedings{DBLP:conf/icde/WuLLYYW19,
  author    = {Songrui Wu and
               Qi Li and
               Guoliang Li and
               Dong Yuan and
               Xingliang Yuan and
               Cong Wang},
  title     = {{ServeDB}: Secure, Verifiable, and Efficient Range Queries on Outsourced
               Database},
  booktitle = {{ICDE}},
  pages     = {626--637},
  year      = {2019},
}

@inproceedings{DBLP:conf/sp/ShiBCSP07,
  author    = {Elaine Shi and
               John Bethencourt and
               T.{-}H. Hubert Chan and
               Dawn Xiaodong Song and
               Adrian Perrig},
  title     = {Multi-Dimensional Range Query over Encrypted Data},
  booktitle = {S{\&}P},
  pages     = {350--364},
  year      = {2007},
}

@inproceedings{DBLP:conf/icde/0002LX13,
  author    = {Bin Yao and
               Feifei Li and
               Xiaokui Xiao},
  title     = {Secure nearest neighbor revisited},
  booktitle = {{ICDE}},
  pages     = {733--744},
  year      = {2013},
}

@inproceedings{DBLP:conf/sigmod/WongCKM09,
  author    = {Wai Kit Wong and
               David Wai{-}Lok Cheung and
               Ben Kao and
               Nikos Mamoulis},
  title     = {Secure kNN computation on encrypted databases},
  booktitle = {{SIGMOD}},
  pages     = {139--152},
  year      = {2009},
}

@article{DBLP:journals/iacr/PoddarBP16,
  author    = {Rishabh Poddar and
               Tobias Boelter and
               Raluca Ada Popa},
  title     = {Arx: {A} Strongly Encrypted Database System},
  journal   = {{IACR} Cryptology ePrint Archive},
  volume    = {2016},
  pages     = {591},
  year      = {2016},
}

@inproceedings{DBLP:conf/sosp/PopaRZB11,
  author    = {Raluca A. Popa and
               Catherine M. S. Redfield and
               Nickolai Zeldovich and
               Hari Balakrishnan},
  title     = {{CryptDB}: protecting confidentiality with encrypted query processing},
  booktitle = {{SOSP}},
  pages     = {85--100},
  year      = {2011},
}

@article{heimbigner1985federated,
  title={A Federated Architecture for Information Management},
  author={Dennis Heimbigner and
               Dennis McLeod},
  journal={{ACM} Transactions on Office Information Systems},
  volume={3},
  number={3},
  pages={253--278},
  year={1985},
}

@techreport{hammer1979database,
  title={On Database Management System Architecture},
  author={Hammer, Michael and McLeod, Dennis},
  year={1979},
  institution={MASSACHUSETTS INST OF TECH CAMBRIDGE LAB FOR COMPUTER SCIENCE}
}

@inproceedings{DBLP:conf/ccs/AndresBCP13,
  author    = {Miguel E. Andr{\'{e}}s and
               Nicol{\'{a}}s Emilio Bordenabe and
               Konstantinos Chatzikokolakis and
               Catuscia Palamidessi},
  title     = {Geo-indistinguishability: differential privacy for location-based
               systems},
  booktitle = {{CCS}},
  pages     = {901--914},
  year      = {2013},
}

@inproceedings{DBLP:conf/icde/YouZG15,
  author    = {Simin You and
               Jianting Zhang and
               Le Gruenwald},
  title     = {Large-scale spatial join query processing in Cloud},
  booktitle = {{ICDE} Workshops},
  pages     = {34--41},
  year      = {2015},
}

@inproceedings{semantics14hadoopdb,
  author    = {Cherif A. A. Bissiriou and
               Habiba Chaoui},
  title     = {Big data analysis and query optimization improve HadoopDB performance},
  booktitle = {{SEMANTICS}},
  pages     = {1--4},
  year      = {2014}
}

@article{vldb13hadoopgis,
  author    = {Ablimit Aji and
               Fusheng Wang and
               Hoang Vo and
               Rubao Lee and
               Qiaoling Liu and
               Xiaodong Zhang and
               Joel H. Saltz},
  title     = {Hadoop-GIS: {A} High Performance Spatial Data Warehousing System over
               MapReduce},
  journal   = {{PVLDB}},
  volume    = {6},
  number    = {11},
  pages     = {1009--1020},
  year      = {2013}
}

@inproceedings{icde15spatialhadoop,
  author    = {Ahmed Eldawy and
               Mohamed F. Mokbel},
  title     = {{SpatialHadoop}: {A} MapReduce framework for spatial data},
  booktitle = {{ICDE}},
  pages     = {1352--1363},
  year      = {2015}
}

@inproceedings{gis15geospark,
  author    = {Jia Yu and
               Jinxuan Wu and
               Mohamed Sarwat},
  title     = {GeoSpark: a cluster computing framework for processing large-scale
               spatial data},
  booktitle = {{SIGSPATIAL}},
  pages     = {70:1--70:4},
  year      = {2015},
}

@inproceedings{sigmod16simba,
  author    = {Dong Xie and
               Feifei Li and
               Bin Yao and
               Gefei Li and
               Liang Zhou and
               Minyi Guo},
  title     = {Simba: Efficient In-Memory Spatial Analytics},
  booktitle = {{SIGMOD}},
  pages     = {1071--1085},
  year      = {2016},
}

@article{locationspark,
  author    = {MingJie Tang and
               Yongyang Yu and
               Qutaibah M. Malluhi and
               Mourad Ouzzani and
               Walid G. Aref},
  title     = {LocationSpark: {A} Distributed In-Memory Data Management System for
               Big Spatial Data},
  journal   = {{PVLDB}},
  volume    = {9},
  number    = {13},
  pages     = {1565--1568},
  year      = {2016}
}

@article{howgoodspatial,
  author    = {Varun Pandey and
               Andreas Kipf and
               Thomas Neumann and
               Alfons Kemper},
  title     = {How Good Are Modern Spatial Analytics Systems?},
  journal   = {{PVLDB}},
  volume    = {11},
  number    = {11},
  pages     = {1661--1673},
  year      = {2018}
}

@misc{ds15geomesa,
  author    = {{GeoMesa}},
  url = {https://www.geomesa.org/},
  year={2024},
}

@misc{postgresql,
    author = {{P}ostgreSQL},
    url = {https://www.postgresql.org/},
    year = {2024}
}

@misc{mysql,
    title = {{MySQL}},
    url={https://www.mysql.com},
    year = {2024}
}

@misc{spatialite,
    title = {{SpatiaLite}},
    url = {https://www.gaia-gis.it/fossil/libspatialite/index},
    year = {2024}
}

@misc{postgis,
    title = {{PostGIS}},
    url = {https://www.postgis.org},
    year = {2024}
}

@online{nytime,
    author={Isaac, Mike},
    title = "Zuckerberg Plans to Integrate WhatsApp, Instagram and Facebook Messenger",
    url = {https://www.nytimes.com/2019/01/25/technology/facebook-instagram-whatsapp-messenger.html},
    year = {2019}
}

@misc{socialnetwork,
    author={Sarah Perez},
    title={Facebook introduces cross-app communication between Messenger and Instagram, plus other features},
    url={https://techcrunch.com/2020/09/30/facebook-introduces-cross-app-communication-between-messenger-and-instagram-plus-other-features},
    year={2024}
}

@misc{GDPR,
    author={European Parliament and The Council of the European Union},
    title="The general data protection regulation (GDPR)",
    url={https://eugdpr.org},
    year={2024}
}

@misc{acxiom,
	title = {{Acxiom}},
	url = {https://www.acxiom.com},
	year = {2024},
}

@misc{experian,
	author = {{Experian}},
	url = {https://www.experian.com/},
	year = {2024},
}

@misc{CCPA,
    author={State of California Department of Justice},
    title="California Consumer Privacy Act (CCPA)",
    url={https://oag.ca.gov/privacy/ccpa},
    year={2024}
}

@misc{PIPL,
    author={the Standing Committee of National People's Congress},
    title="Personal Information Protection Law of the People’s Republic of China (PIPL)",
    url={http://www.gov.cn/xinwen/2021-08/20/content_5632486.htm},
    year={2024}
}

@misc{chinamobile,
  title = {{China Mobile}},
  url = {https://www.chinamobileltd.com},
  year = {2024}
}

@misc{chinatelecom,
  title = {{China Telecom}},
  url = {http://www.chinatelecom-h.com},
  year = {2024}
}

@article{thusoo2009hive,
  author    = {Ashish Thusoo and
               Joydeep Sen Sarma and
               Namit Jain and
               Zheng Shao and
               Prasad Chakka and
               Suresh Anthony and
               Hao Liu and
               Pete Wyckoff and
               Raghotham Murthy},
  title     = {Hive - {A} Warehousing Solution Over a Map-Reduce Framework},
  journal   = {{PVLDB}},
  volume    = {2},
  number    = {2},
  pages     = {1626--1629},
  year      = {2009}
}

@inproceedings{zaharia2012resilient,
  author    = {Matei Zaharia and
               Mosharaf Chowdhury and
               Tathagata Das and
               Ankur Dave and
               Justin Ma and
               Murphy McCauly and
               Michael J. Franklin and
               Scott Shenker and
               Ion Stoica},
  title     = {Resilient Distributed Datasets: {A} Fault-Tolerant Abstraction for
               In-Memory Cluster Computing},
  booktitle = {{NSDI}},
  pages     = {15--28},
  year      = {2012},
}

@inproceedings{hacigumus2002providing,
  author    = {Hakan Hacig{\"{u}}m{\"{u}}s and
               Sharad Mehrotra and
               Balakrishna R. Iyer},
  title     = {Providing Database as a Service},
  booktitle = {{ICDE}},
  pages     = {29--38},
  year      = {2002}
}

@inproceedings{hacigumucs2002executing,
  author    = {Hakan Hacig{\"{u}}m{\"{u}}s and
               Balakrishna R. Iyer and
               Chen Li and
               Sharad Mehrotra},
  title     = {Executing {SQL} over encrypted data in the database-service-provider
               model},
  booktitle = {{SIGMOD}},
  pages     = {216--227},
  year      = {2002}
}

@article{tu2013processing,
  author    = {Stephen Tu and
               M. Frans Kaashoek and
               Samuel Madden and
               Nickolai Zeldovich},
  title     = {Processing Analytical Queries over Encrypted Data},
  journal   = {{PVLDB}},
  volume    = {6},
  number    = {5},
  pages     = {289--300},
  year      = {2013}
}

@misc{DBLP:conf/sigmod/BegoliCHML18,
    author = {{Calcite}},
    url = {https://calcite.apache.org/},
    year = {2024}
}

@article{DBLP:journals/ijufks/Sweene02,
  author    = {Latanya Sweeney},
  title     = {k-Anonymity: {A} Model for Protecting Privacy},
  journal   = {International Journal of Uncertainty, Fuzziness and Knowledge-Based Systems},
  volume    = {10},
  number    = {5},
  pages     = {557--570},
  year      = {2002}
}
@inproceedings{DBLP:conf/icde/MachanavajjhalaGKV06,
  author    = {Ashwin Machanavajjhala and
               Johannes Gehrke and
               Daniel Kifer and
               Muthuramakrishnan Venkitasubramaniam},
  title     = {l-Diversity: Privacy Beyond k-Anonymity},
  booktitle = {{ICDE}},
  pages     = {24},
  year      = {2006}
}

@inproceedings{DBLP:conf/icde/LiLV07,
  author    = {Ninghui Li and
               Tiancheng Li and
               Suresh Venkatasubramanian},
  title     = {t-Closeness: Privacy Beyond k-Anonymity and l-Diversity},
  booktitle = {{ICDE}},
  pages     = {106--115},
  year      = {2007}
}

@inproceedings{DBLP:conf/tamc/Dwork08,
  author    = {Cynthia Dwork},
  title     = {Differential Privacy: {A} Survey of Results},
  booktitle = {{TAMC}},
  volume    = {4978},
  pages     = {1--19},
  year      = {2008}
}

@article{DBLP:journals/pvldb/KotsogiannisTHF19,
  author    = {Ios Kotsogiannis and
               Yuchao Tao and
               Xi He and
               Maryam Fanaeepour and
               Ashwin Machanavajjhala and
               Michael Hay and
               Gerome Miklau},
  title     = {PrivateSQL: {A} Differentially Private {SQL} Query Engine},
  journal   = {{PVLDB}},
  volume    = {12},
  number    = {11},
  pages     = {1371--1384},
  year      = {2019}
}

@article{DBLP:journals/pvldb/BaterHEMR18,
  author    = {Johes Bater and
               Xi He and
               William Ehrich and
               Ashwin Machanavajjhala and
               Jennie Rogers},
  title     = {{ShrinkWrap}: Efficient {SQL} Query Processing in Differentially Private
               Data Federations},
  journal   = {{PVLDB}},
  volume    = {12},
  number    = {3},
  pages     = {307--320},
  year      = {2018}
}

@inproceedings{DBLP:conf/vldb/MokbelCA06,
  author    = {Mohamed F. Mokbel and
               Chi{-}Yin Chow and
               Walid G. Aref},
  title     = {The New Casper: Query Processing for Location Services without Compromising
               Privacy},
  booktitle = {{VLDB}},
  pages     = {763--774},
  year      = {2006}
}

@article{DBLP:journals/pervasive/BeresfordS03,
  author    = {Alastair R. Beresford and
               Frank Stajano},
  title     = {Location Privacy in Pervasive Computing},
  journal   = {{IEEE} Pervasive Computing},
  volume    = {2},
  number    = {1},
  pages     = {46--55},
  year      = {2003}
}

@article{DBLP:journals/pvldb/BaterP0WR20,
  author    = {Johes Bater and
               Yongjoo Park and
               Xi He and
               Xiao Wang and
               Jennie Rogers},
  title     = {{SAQE:} Practical Privacy-Preserving Approximate Query Processing
               for Data Federations},
  journal   = {{PVLDB}},
  volume    = {13},
  number    = {11},
  pages     = {2691--2705},
  year      = {2020}
}

@inproceedings{DBLP:conf/focs/ChorGKS95,
  author    = {Benny Chor and
               Oded Goldreich and
               Eyal Kushilevitz and
               Madhu Sudan},
  title     = {Private Information Retrieval},
  booktitle = {{FOCS}},
  pages     = {41--50},
  year      = {1995}
}

@inproceedings{DBLP:conf/stoc/Goldreich87,
  author    = {Oded Goldreich},
  title     = {Towards a Theory of Software Protection and Simulation by Oblivious
               RAMs},
  booktitle = {{STOC}},
  pages     = {182--194},
  year      = {1987}
}

@inproceedings{DBLP:conf/sigmod/GhinitaKKST08,
  author    = {Gabriel Ghinita and
               Panos Kalnis and
               Ali Khoshgozaran and
               Cyrus Shahabi and
               Kian{-}Lee Tan},
  title     = {Private queries in location based services: anonymizers are not necessary},
  booktitle = {{SIGMOD}},
  pages     = {121--132},
  year      = {2008}
}


@article{chang2021efficient,
  author       = {Zhao Chang and
                  Dong Xie and
                  Feifei Li and
                  Jeff M. Phillips and
                  Rajeev Balasubramonian},
  title        = {Efficient Oblivious Query Processing for Range and kNN Queries},
  journal      = {{IEEE} Trans. Knowl. Data Eng.},
  volume       = {34},
  number       = {12},
  pages        = {5741--5754},
  year         = {2022},
}

@inproceedings{DBLP:conf/focs/KushilevitzO97,
  author    = {Eyal Kushilevitz and
               Rafail Ostrovsky},
  title     = {Replication is {NOT} Needed: {SINGLE} Database, Computationally-Private
               Information Retrieval},
  booktitle = {{FOCS}},
  pages     = {364--373},
  year      = {1997}
}

@inproceedings{DBLP:conf/asiacrypt/GordonKW18,
  author    = {S. Dov Gordon and
               Jonathan Katz and
               Xiao Wang},
  title     = {Simple and Efficient Two-Server {ORAM}},
  booktitle = {{ASIACRYPT}},
  pages     = {141--157},
  year      = {2018}
}

@inproceedings{DBLP:conf/focs/Yao82b,
  author    = {Andrew Chi{-}Chih Yao},
  title     = {Protocols for Secure Computations (Extended Abstract)},
  booktitle = {{FOCS}},
  pages     = {160--164},
  year      = {1982}
}

@article{DBLP:journals/cacm/Shamir79,
  author    = {Adi Shamir},
  title     = {How to Share a Secret},
  journal   = {Communications of the ACM},
  volume    = {22},
  number    = {11},
  pages     = {612--613},
  year      = {1979}
}

@article{DBLP:journals/cacm/EvenGL85,
  author    = {Shimon Even and
               Oded Goldreich and
               Abraham Lempel},
  title     = {A Randomized Protocol for Signing Contracts},
  journal   = {Communications of the ACM},
  number    = {6},
  pages     = {637--647},
  year      = {1985}
}

@inproceedings{DBLP:conf/codcry/Beimel11,
  author    = {Amos Beimel},
  title     = {Secret-Sharing Schemes: {A} Survey},
  booktitle = {{IWCC}},
  pages     = {11--46},
  year      = {2011}
}

@article{DBLP:journals/dke/EmekciSAA07,
  author    = {Fatih Emek{\c{c}}i and
               Ozgur D. Sahin and
               Divyakant Agrawal and
               Amr El Abbadi},
  title     = {Privacy preserving decision tree learning over multiple parties},
  journal   = {Data Knowl. Eng.},
  volume    = {63},
  number    = {2},
  pages     = {348--361},
  year      = {2007}
}

@inproceedings{DBLP:conf/socialcom/JurczykX11,
  author    = {Pawel Jurczyk and
               Li Xiong},
  title     = {Information Sharing across Private Databases: Secure Union Revisited},
  booktitle = {PASSAT/SocialCom},
  pages     = {996--1003},
  year      = {2011}
}


@inproceedings{DBLP:conf/esorics/BogdanovLW08,
  author    = {Dan Bogdanov and
               Sven Laur and
               Jan Willemson},
  title     = {Sharemind: {A} Framework for Fast Privacy-Preserving Computations},
  booktitle = {{ESORICS}},
  pages     = {192--206},
  year      = {2008},
}

@article{federatedlearning,
  author    = {Qiang Yang and
               Yang Liu and
               Tianjian Chen and
               Yongxin Tong},
  title     = {Federated Machine Learning: Concept and Applications},
  journal   = {{ACM} Transactions on Intelligent Systems and Technology},
  volume    = {10},
  number    = {2},
  pages     = {12:1--12:19},
  year      = {2019}
}

@inproceedings{DBLP:conf/ccs/Ben-EfraimLO16,
  author    = {Aner Ben{-}Efraim and
               Yehuda Lindell and
               Eran Omri},
  title     = {Optimizing Semi-Honest Secure Multiparty Computation for the Internet},
  booktitle = {{CCS}},
  pages     = {578--590},
  year      = {2016}
}

@inproceedings{learningtoassign,
  author    = {Dingyuan Shi and 
                Yongxin Tong and
                Zimu Zhou and
                Bingchen Song and
                Weifeng Lv and
                Qiang Yang},
  title     = {Learning to Assign: Towards Fair Task Assignment in Large-Scale Ride Hailing},
  booktitle = {{KDD}},
  pages     = {3549--3557},
  year      = {2021}
}

@article{DBLP:journals/debu/CarboneKEMHT15,
  author    = {Paris Carbone and
               Asterios Katsifodimos and
               Stephan Ewen and
               Volker Markl and
               Seif Haridi and
               Kostas Tzoumas},
  title     = {Apache Flink{\texttrademark}: Stream and Batch Processing in a Single
               Engine},
  journal   = {{IEEE} Data Eng. Bull.},
  volume    = {38},
  number    = {4},
  pages     = {28--38},
  year      = {2015}
}

@inproceedings{DBLP:conf/ccs/ArakiFLNO16,
  author    = {Toshinori Araki and
               Jun Furukawa and
               Yehuda Lindell and
               Ariel Nof and
               Kazuma Ohara},
  title     = {High-Throughput Semi-Honest Secure Three-Party Computation with an
               Honest Majority},
  booktitle = {{CCS}},
  pages     = {805--817},
  year      = {2016}
}

@article{DBLP:journals/geoinformatica/LiuWSLZ18,
  author    = {An Liu and
               Weiqi Wang and
               Shuo Shang and
               Qing Li and
               Xiangliang Zhang},
  title     = {Efficient task assignment in spatial crowdsourcing with worker and
               task privacy protection},
  journal   = {{GeoInformatica}},
  volume    = {22},
  number    = {2},
  pages     = {335--362},
  year      = {2018}
}

@article{2020quantifying,
  title={Quantifying SARS-CoV-2 transmission suggests epidemic control with digital contact tracing},
  author={Ferretti, Luca and Wymant, Chris and Kendall, Michelle and Zhao, Lele and Nurtay, Anel and Abeler-D{\"o}rner, Lucie and Parker, Michael and Bonsall, David and Fraser, Christophe},
  journal={Science},
  volume={368},
  number={6491},
  pages={eabb6936},
  year={2020}
}

@inproceedings{DBLP:conf/ccs/KellerSS13,
  author    = {Marcel Keller and
               Peter Scholl and
               Nigel P. Smart},
  title     = {An architecture for practical actively secure {MPC} with dishonest
               majority},
  booktitle = {{CCS}},
  pages     = {549--560},
  year      = {2013}
}

@article{DBLP:journals/spm/LiSTS20,
  author    = {Tian Li and
               Anit Kumar Sahu and
               Ameet Talwalkar and
               Virginia Smith},
  title     = {Federated Learning: Challenges, Methods, and Future Directions},
  journal   = {{IEEE} Signal Processing Magazine},
  volume    = {37},
  number    = {3},
  pages     = {50--60},
  year      = {2020}
}

@misc{AMAP,
	title = {{AMAP}},
	url = {https://mobility.amap.com},
	year = {2024},
}

@misc{alibaba,
	author = {{Alibaba Group}},
	url = {https://www.alibabagroup.com/},
	year = {2024},
}

@misc{didi,
	author = {{Didi Chuxing}},
	url = {https://www.didiglobal.com},
	year = {2024},
}

@misc{fullpaper,
	title = {{Hu-Fu}: Efficient and Secure Spatial Queries over Data Federation},
	url = {https://github.com/BUAA-BDA/OpenHuFu/},
	year = {2024},
}

@misc{shouqi,
    author = {{Shouqi}},
    url = {https://www.01zhuanche.com/},
    year = {2024}
}


@misc{jinyinjian,
    author = {{Jinyinjian Travel}},
    url = {http://www.yinjian.com/},
    year = {2021}
}

@misc{ucar,
	author = {{UCAR}},
	url = {https://www.10101111.com/},
	year = {2021},
}


@article{DBLP:journals/csur/Kossmann00,
  author    = {Donald Kossmann},
  title     = {The State of the art in distributed query processing},
  journal   = {{ACM} Comput. Surv.},
  volume    = {32},
  number    = {4},
  pages     = {422--469},
  year      = {2000}
}

@article{DBLP:journals/csur/YuC84,
  author    = {Clement T. Yu and
               C. C. Chang},
  title     = {Distributed Query Processing},
  journal   = {{ACM} Comput. Surv.},
  volume    = {16},
  number    = {4},
  pages     = {399--433},
  year      = {1984}
}

@article{DBLP:journals/www/PengLLLL20,
  author    = {Wei Peng and
               An Liu and
               Zhixu Li and
               Guanfeng Liu and
               Qing Li},
  title     = {User experience-driven secure task assignment in spatial crowdsourcing},
  journal   = {World Wide Web},
  volume    = {23},
  number    = {3},
  pages     = {2131--2151},
  year      = {2020}
}

@article{DBLP:journals/ftsec/EvansKR18,
  author    = {David Evans and
               Vladimir Kolesnikov and
               Mike Rosulek},
  title     = {A Pragmatic Introduction to Secure Multi-Party Computation},
  journal   = {Foundations and Trends in Privacy and Security},
  volume    = {2},
  number    = {2-3},
  pages     = {70--246},
  year      = {2018}
}

@article{DBLP:journals/pvldb/TongSDCWX16,
  author    = {Yongxin Tong and
               Jieying She and
               Bolin Ding and
               Lei Chen and
               Tianyu Wo and
               Ke Xu},
  title     = {Online Minimum Matching in Real-Time Spatial Data: Experiments and
               Analysis},
  journal   = {{PVLDB}},
  volume    = {9},
  number    = {12},
  pages     = {1053--1064},
  year      = {2016}
}

@book{DBLP:series/synthesis/2016Li,
  author    = {Ninghui Li and
               Min Lyu and
               Dong Su and
               Weining Yang},
  title     = {Differential Privacy: From Theory to Practice},
  publisher = {Morgan {\&} Claypool Publishers},
  year      = {2016},
}

@book{goldreich2009foundations,
  title={Foundations of cryptography: volume 2, basic applications},
  author={Goldreich, Oded},
  year={2009},
  publisher={Cambridge university press}
}

@inproceedings{DBLP:conf/pakdd/KhanDP02,
  author    = {Maleq Khan and
               Qin Ding and
               William Perrizo},
  title     = {k-nearest Neighbor Classification on Spatial Data Streams Using P-trees},
  booktitle = {{PAKDD}},
  pages     = {517--518},
  year      = {2002},
}

@inproceedings{DBLP:conf/sigmod/Wang021,
  author    = {Yilei Wang and
               Ke Yi},
  title     = {Secure {Yannakakis}: Join-Aggregate Queries over Private Data},
  booktitle = {{SIGMOD}},
  pages     = {1969--1981},
  year      = {2021},
}

@article{DBLP:journals/corr/abs-2010-13752,
  author    = {Rishabh Poddar and
               Sukrit Kalra and
               Avishay Yanai and
               Ryan Deng and
               Raluca Ada Popa and
               Joseph M. Hellerstein},
  title     = {Senate: {A} Maliciously-Secure {MPC} Platform for Collaborative Analytics},
  journal   = {{IACR} Cryptology ePrint Archive},
  volume    = {2020},
  pages     = {1350},
  year      = {2020},
}

@inproceedings{DBLP:conf/sigmod/LiGGMP021,
  author    = {Yin Li and
               Dhrubajyoti Ghosh and
               Peeyush Gupta and
               Sharad Mehrotra and
               Nisha Panwar and
               Shantanu Sharma},
  title     = {{PRISM:} Private Verifiable Set Computation over Multi-Owner Outsourced
               Databases},
  booktitle = {{SIGMOD}},
  pages     = {1116--1128},
  year      = {2021}
}

@inproceedings{DBLP:conf/sigmod/ChowdhuryW0MJ20,
  author    = {Amrita Roy Chowdhury and
               Chenghong Wang and
               Xi He and
               Ashwin Machanavajjhala and
               Somesh Jha},
  title     = {Crypt$\epsilon$: Crypto-Assisted Differential Privacy on Untrusted Servers},
  booktitle = {{SIGMOD}},
  pages     = {603--619},
  year      = {2020}
}

@inproceedings{DBLP:conf/www/VuAEJ19,
  author    = {Xuan{-}Son Vu and
               Addi Ait{-}Mlouk and
               Erik Elmroth and
               Lili Jiang},
  title     = {Graph-based Interactive Data Federation System for Heterogeneous Data
               Retrieval and Analytics},
  booktitle = {{WWW}},
  pages     = {3595--3599},
  year      = {2019}
}

@inproceedings{DBLP:conf/edbt/GuptaM0VW21,
  author    = {Peeyush Gupta and
               Sharad Mehrotra and
               Shantanu Sharma and
               Nalini Venkatasubramanian and
               Guoxi Wang},
  title     = {Concealer: SGX-based Secure, Volume Hiding, and Verifiable Processing
               of Spatial Time-Series Datasets},
  booktitle = {{EDBT}},
  pages     = {277--288},
  year      = {2021}
}

@article{DBLP:journals/pvldb/WuCXCO20,
  author    = {Yuncheng Wu and
               Shaofeng Cai and
               Xiaokui Xiao and
               Gang Chen and
               Beng Chin Ooi},
  title     = {Privacy Preserving Vertical Federated Learning for Tree-based Models},
  journal   = {{PVLDB}},
   volume    = {13},
  number    = {11},
  pages     = {2090--2103},
  year      = {2020}
}

@inproceedings{DBLP:conf/bigdataconf/SharmaXLK19,
  author    = {Shreya Sharma and
               Chaoping Xing and
               Yang Liu and
               Yan Kang},
  title     = {Secure and Efficient Federated Transfer Learning},
  booktitle = {{IEEE} BigData},
  pages     = {2569--2576},
  year      = {2019}
}

@inproceedings{DBLP:conf/crypto/KissnerS05,
  author    = {Lea Kissner and
               Dawn Xiaodong Song},
  title     = {Privacy-Preserving Set Operations},
  booktitle = {{CRYPTO}},
  pages     = {241--257},
  year      = {2005}
}

@article{DBLP:journals/comsur/PrimaultBMB19,
  author    = {Vincent Primault and
               Antoine Boutet and
               Sonia Ben Mokhtar and
               Lionel Brunie},
  title     = {The Long Road to Computational Location Privacy: {A} Survey},
  journal   = {{IEEE} Communications Surveys and Tutorials},
  volume    = {21},
  number    = {3},
  pages     = {2772--2793},
  year      = {2019}
}

@article{DBLP:journals/cacm/Lindell21,
  author    = {Yehuda Lindell},
  title     = {Secure multiparty computation},
  journal   = {{Communications} of the {ACM}},
  volume    = {64},
  number    = {1},
  pages     = {86--96},
  year      = {2021}
}

@inproceedings{DBLP:conf/icde/XuTST0L19,
    author    = {Yi Xu and
                    Yongxin Tong and
                    Yexuan Shi and
                    Qian Tao and
                    Ke Xu and
                    Wei Li},
    title     = {An Efficient Insertion Operator in Dynamic Ridesharing Services},
    booktitle = {{ICDE}},
    pages     = {1022--1033},
    year      = {2019},
}


@article{DBLP:journals/pvldb/ZengTSC20,
  author    = {Yuxiang Zeng and
               Yongxin Tong and
               Yuguang Song and
               Lei Chen},
  title     = {The Simpler The Better: An Indexing Approach for Shared-Route Planning
               Queries},
  journal   = {{PVLDB}},
  volume    = {13},
  number    = {13},
  pages     = {3517--3530},
  year      = {2020}
}

@article{DBLP:journals/pvldb/LiuRT0D15,
  author    = {Weimo Liu and
               Md Farhadur Rahman and
               Saravanan Thirumuruganathan and
               Nan Zhang and
               Gautam Das},
  title     = {Aggregate Estimations over Location Based Services},
  journal   = {{PVLDB}},
  volume    = {8},
  number    = {12},
  pages     = {1334--1345},
  year      = {2015}
}

@inproceedings{DBLP:conf/icde/DaA0S21,
  author    = {Yanan Da and
               Ritesh Ahuja and
               Li Xiong and
               Cyrus Shahabi},
  title     = {{REACT:} Real-Time Contact Tracing and Risk Monitoring via Privacy-Enhanced
               Mobile Tracking},
  booktitle = {{ICDE}},
  pages     = {2729--2732},
  year      = {2021},
}

@inproceedings{DBLP:conf/icde/YanCNL13,
  author    = {Da Yan and
               James Cheng and
               Wilfred Ng and
               Steven Liu},
  title     = {Finding distance-preserving subgraphs in large road networks},
  booktitle = {{ICDE}},
  pages     = {625--636},
  year      = {2013}
}

@inproceedings{DBLP:conf/sigmod/TianHLBJ13,
  author    = {Charles Tian and
               Yan Huang and
               Zhi Liu and
               Favyen Bastani and
               Ruoming Jin},
  title     = {Noah: a dynamic ridesharing system},
  booktitle = {{SIGMOD}},
  pages     = {985--988},
  year      = {2013}
}

@inproceedings{DBLP:conf/icde/KimHCYC16,
  author    = {Jinkyu Kim and
               Heonseok Ha and
               Byung{-}Gon Chun and
               Sungroh Yoon and
               Sang K. Cha},
  title     = {Collaborative analytics for data silos},
  booktitle = {{ICDE}},
  pages     = {743--754},
  year      = {2016}
}

@inproceedings{DBLP:conf/dexa/PodlesnyKM19,
  author    = {Nikolai J. Podlesny and
               Anne V. D. M. Kayem and
               Christoph Meinel},
  title     = {Towards Identifying De-anonymisation Risks in Distributed Health Data
               Silos},
  booktitle = {{DEXA}},
  volume    = {11706},
  pages     = {33--43},
  year      = {2019}
}

@book{DBLP:books/sp/OzsuV20,
  author    = {M. Tamer {\"{O}}zsu and
               Patrick Valduriez},
  title     = {Principles of Distributed Database Systems, 4th Edition},
  publisher = {Springer},
  year      = {2020},
}

@article{DBLP:journals/pvldb/EldawyM17,
  author    = {Ahmed Eldawy and
               Mohamed F. Mokbel},
  title     = {The Era of Big Spatial Data},
  journal   = {{PVLDB}},
  volume    = {10},
  number    = {12},
  pages     = {1992--1995},
  year      = {2017}
}

@article{DBLP:journals/ftdb/EldawyM16,
  author    = {Ahmed Eldawy and
               Mohamed F. Mokbel},
  title     = {The Era of Big Spatial Data: {A} Survey},
  journal   = {Foundations and Trends in Databases},
  volume    = {6},
  number    = {3-4},
  pages     = {163--273},
  year      = {2016}
}

@book{DBLP:books/daglib/0014978,
  author    = {Hanan Samet},
  title     = {Foundations of multidimensional and metric data structures},
  series    = {Morgan Kaufmann series in data management systems},
  publisher = {Academic Press},
  year      = {2006},
}

@inproceedings{DBLP:conf/icde/LiLYWLWLZ21,
  author    = {Xijun Li and
               Weilin Luo and
               Mingxuan Yuan and
               Jun Wang and
               Jiawen Lu and
               Jie Wang and
               Jinhu L{\"{u}} and
               Jia Zeng},
  title     = {Learning to Optimize Industry-Scale Dynamic Pickup and Delivery Problems},
  booktitle = {{ICDE}},
  pages     = {2511--2522},
  year      = {2021}
}

@inproceedings{DBLP:conf/kdd/ZhangHMWZFGY17,
  author    = {Lingyu Zhang and
               Tao Hu and
               Yue Min and
               Guobin Wu and
               Junying Zhang and
               Pengcheng Feng and
               Pinghua Gong and
               Jieping Ye},
  title     = {A Taxi Order Dispatch Model based On Combinatorial Optimization},
  booktitle = {{KDD}},
  pages     = {2151--2159},
  year      = {2017}
}

@inproceedings{DBLP:conf/kdd/Ye19,
  author    = {Jieping Ye},
  title     = {Transportation: {A} Data Driven Approach},
  booktitle = {{KDD}},
  pages     = {3183},
  year      = {2019}
}

@article{DBLP:journals/debu/ZhengXM10,
  author    = {Yu Zheng and
               Xing Xie and
               Wei{-}Ying Ma},
  title     = {{GeoLife}: {A} Collaborative Social Networking Service among User, Location
               and Trajectory},
  journal   = {{IEEE} Data Eng. Bull.},
  volume    = {33},
  number    = {2},
  pages     = {32--39},
  year      = {2010}
}

@article{DBLP:journals/cacm/ChengLCY20,
  author    = {Yong Cheng and
               Yang Liu and
               Tianjian Chen and
               Qiang Yang},
  title     = {Federated learning for privacy-preserving {AI}},
  journal   = {Communications of the {ACM}},
  volume    = {63},
  number    = {12},
  pages     = {33--36},
  year      = {2020}
}

@article{DBLP:journals/csur/BellavistaFM21,
  author    = {Paolo Bellavista and
               Luca Foschini and
               Alessio Mora},
  title     = {Decentralised Learning in Federated Deployment Environments: {A} System-Level
               Survey},
  journal   = {{ACM} Comput. Surv.},
  volume    = {54},
  number    = {1},
  pages     = {15:1--15:38},
  year      = {2021}
}

@book{voigt2017eu,
  title={The EU General Data Protection Regulation (GDPR): A Practical Guide},
  author={Voigt, Paul and Von dem Bussche, Axel},
  publisher={Springer},
  volume={10},
  year={2017}
}

@article{DBLP:journals/pvldb/0001ZSYHJLWL21,
  author    = {Guoliang Li and
               Xuanhe Zhou and
               Ji Sun and
               Xiang Yu and
               Yue Han and
               Lianyuan Jin and
               Wenbo Li and
               Tianqing Wang and
               Shifu Li},
  title     = {{openGauss}: {A}n Autonomous Database System},
  journal   = {{PVLDB}},
  volume    = {14},
  number    = {12},
  pages     = {3028--3041},
  year      = {2021}
}

@inproceedings{DBLP:conf/icde/Kossmann0DHMPSS21,
  author    = {Jan Kossmann and
               Martin Boissier and
               Alexander Dubrawski and
               Fabian Heseding and
               Caterina Mandel and
               Udo Pigorsch and
               Max Schneider and
               Til Schniese and
               Mona Sobhani and
               Petr Tsayun and
               Katharina Wille and
               Michael Perscheid and
               Matthias Uflacker and
               Hasso Plattner},
  title     = {A Cockpit for the Development and Evaluation of Autonomous Database
               Systems},
  booktitle = {{ICDE}},
  pages     = {2685--2688},
  year      = {2021},
}

@inproceedings{DBLP:conf/stoc/Ben-OrGW88,
  author    = {Michael Ben{-}Or and
               Shafi Goldwasser and
               Avi Wigderson},
  title     = {Completeness Theorems for Non-Cryptographic Fault-Tolerant Distributed
               Computation (Extended Abstract)},
  booktitle = {STOC},
  pages     = {1--10},
  year      = {1988}
}

@inproceedings{DBLP:conf/stoc/ChaumCD88,
  author    = {David Chaum and
               Claude Cr{\'{e}}peau and
               Ivan Damg{\aa}rd},
  title     = {Multiparty Unconditionally Secure Protocols (Extended Abstract)},
  booktitle = {STOC},
  pages     = {11--19},
  year      = {1988}
}

@article{lai2021experience,
  title={The experience of contact tracing in Singapore in the control of COVID-19: highlighting the use of digital technology},
  author={Lai, Sean Han Sheng and Tang, Camelia Qian Ying and Kurup, Asok and Thevendran, Gowreeson},
  journal={International Orthopaedics},
  volume={45},
  number={1},
  pages={65--69},
  year={2021}
}

@misc{broker,
    title = {Facebook scandal: Who is selling your personal data?},
    url = {https://www.bbc.com/news/technology-44793247},
    year = {2022}
}

@inproceedings{DBLP:conf/dasfaa/ZhangTSZXCZXLZ23,
  author       = {Kaining Zhang and
                  Yongxin Tong and
                  Yexuan Shi and
                  Yuxiang Zeng and
                  Yi Xu and
                  Lei Chen and
                  Zimu Zhou and
                  Ke Xu and
                  Weifeng Lv and
                  Zhiming Zheng},
  title        = {Approximate k-Nearest Neighbor Query over Spatial Data Federation},
  booktitle    = {{DASFAA}},
  pages        = {351--368},
  year         = {2023},
}

@book{DBLP:reference/dbsec/2008,
  editor       = {Michael Gertz and
                  Sushil Jajodia},
  title        = {Handbook of Database Security - Applications and Trends},
  publisher    = {Springer},
  year         = {2008},
}

@inproceedings{DBLP:conf/edbt/KesarwaniKNPSMM18,
  author       = {Manish Kesarwani and
                  Akshar Kaul and
                  Prasad Naldurg and
                  Sikhar Patranabis and
                  Gagandeep Singh and
                  Sameep Mehta and
                  Debdeep Mukhopadhyay},
  title        = {Efficient Secure k-Nearest Neighbours over Encrypted Data},
  booktitle    = {{EDBT}},
  pages        = {564--575},
  year         = {2018},
}

@article{DBLP:journals/csur/AcarAUC18,
  author       = {Abbas Acar and
                  Hidayet Aksu and
                  A. Selcuk Uluagac and
                  Mauro Conti},
  title        = {A Survey on Homomorphic Encryption Schemes: Theory and Implementation},
  journal      = {{ACM} Comput. Surv.},
  volume       = {51},
  number       = {4},
  pages        = {79:1--79:35},
  year         = {2018},
}

@ARTICLE{10463171,
  author       = {Shuyuan Li and
                  Yuxiang Zeng and
                  Yuxiang Wang and
                  Yiman Zhong and
                  Zimu Zhou and
                  Yongxin Tong},
  title        = {An Experimental Study on Federated Equi-Joins},
  journal      = {{IEEE} Trans. Knowl. Data Eng.},
  volume       = {36},
  number       = {9},
  pages        = {4443--4457},
  year         = {2024},
}

@article{DBLP:journals/pvldb/TongPZSXZZCXXL22,
  author       = {Yongxin Tong and
                  Xuchen Pan and
                  Yuxiang Zeng and
                  Yexuan Shi and
                  Chunbo Xue and
                  Zimu Zhou and
                  Xiaofei Zhang and
                  Lei Chen and
                  Yi Xu and
                  Ke Xu and
                  Weifeng Lv},
  title        = {{Hu-Fu}: Efficient and Secure Spatial Queries over Data Federation},
  journal      = {{PVLDB}},
  volume       = {15},
  number       = {6},
  pages        = {1159--1172},
  year         = {2022},
}

@article{DBLP:journals/pvldb/ZengTC19,
  author       = {Yuxiang Zeng and
                  Yongxin Tong and
                  Lei Chen},
  title        = {Last-Mile Delivery Made Practical: An Efficient Route Planning Framework
                  with Theoretical Guarantees},
  journal      = {{PVLDB}},
  volume       = {13},
  number       = {3},
  pages        = {320--333},
  year         = {2019},
}

@article{DBLP:journals/debu/TongZZLSL0L23,
  author       = {Yongxin Tong and
                  Yuxiang Zeng and
                  Zimu Zhou and
                  Boyi Liu and
                  Yexuan Shi and
                  Shuyuan Li and
                  Ke Xu and
                  Weifeng Lv},
  title        = {Federated Computing: Query, Learning, and Beyond},
  journal      = {{IEEE} Data Eng. Bull.},
  volume       = {46},
  number       = {1},
  pages        = {9--26},
  year         = {2023},
}

@book{DBLP:series/synthesis/2011Mamoulis,
  author       = {Nikos Mamoulis},
  title        = {Spatial Data Management},
  series       = {Synthesis Lectures on Data Management},
  publisher    = {Morgan {\&} Claypool Publishers},
  year         = {2011},
}

@article{DBLP:journals/pvldb/PanTXZDZSZCXXL22,
  author       = {Xuchen Pan and
                  Yongxin Tong and
                  Chunbo Xue and
                  Zimu Zhou and
                  Junping Du and
                  Yuxiang Zeng and
                  Yexuan Shi and
                  Xiaofei Zhang and
                  Lei Chen and
                  Yi Xu and
                  Ke Xu and
                  Weifeng Lv},
  title        = {Hu-Fu: {A} Data Federation System for Secure Spatial Queries},
  journal      = {{PVLDB}},
  volume       = {15},
  number       = {12},
  pages        = {3582--3585},
  year         = {2022},
}

@inproceedings{DBLP:conf/dasfaa/LiZC23,
  author       = {Maocheng Li and
                  Yuxiang Zeng and
                  Lei Chen},
  title        = {Efficient and Accurate Range Counting on Privacy-Preserving Spatial
                  Data Federation},
  booktitle    = {{DASFAA}},
  pages        = {317--333},
  year         = {2023},
}

@inproceedings{DBLP:conf/icde/HanZFLL22,
  author       = {Feng Han and
                  Lan Zhang and
                  Hanwen Feng and
                  Weiran Liu and
                  Xiang{-}Yang Li},
  title        = {Scape: Scalable Collaborative Analytics System on Private Database
                  with Malicious Security},
  booktitle    = {{ICDE}},
  pages        = {1740--1753},
  year         = {2022},
}

@article{DBLP:journals/pacmmod/ZhangWXPX24,
  author       = {Xinyi Zhang and
                  Qichen Wang and
                  Cheng Xu and
                  Yun Peng and
                  Jianliang Xu},
  title        = {FedKNN: Secure Federated k-Nearest Neighbor Search},
  journal      = {{SIGMOD}},
  volume       = {2},
  number       = {1},
  pages        = {V2mod011:1--V2mod011:26},
  year         = {2024},
}

@inproceedings{DBLP:conf/icissp/AlJuaidLS23,
  author       = {Nouf Al{-}Juaid and
                  Alexei Lisitsa and
                  Sven Schewe},
  title        = {Secure Joint Querying Over Federated Graph Databases Utilising {SMPC}
                  Protocols},
  booktitle    = {{ICISSP}},
  pages        = {210--217},
  year         = {2023},
}

@inproceedings{DBLP:conf/edbt/TranAdA19,
  author       = {Hoang Van Tran and
                  Tristan Allard and
                  Laurent d'Orazio and
                  Amr El Abbadi},
  title        = {Range Query Processing for Monitoring Applications over Untrustworthy
                  Clouds},
  booktitle    = {{EDBT}},
  pages        = {666--669},
  year         = {2019},
}

@inproceedings{DBLP:conf/icde/SahinAAAP18,
  author       = {Cetin Sahin and
                  Tristan Allard and
                  Reza Akbarinia and
                  Amr El Abbadi and
                  Esther Pacitti},
  title        = {A Differentially Private Index for Range Query Processing in Clouds},
  booktitle    = {{ICDE}},
  pages        = {857--868},
  year         = {2018},
}

@article{DBLP:journals/fcsc/ZhengWWFSLZ21,
  author       = {Wei Zheng and
                  Ying Wu and
                  Xiaoxue Wu and
                  Chen Feng and
                  Yulei Sui and
                  Xiapu Luo and
                  Yajin Zhou},
  title        = {A survey of {Intel} {SGX} and its applications},
  journal      = {Frontiers of Computer Science},
  volume       = {15},
  number       = {3},
  pages        = {153808},
  year         = {2021},
}

@misc{aby,
    author = {ABY},
    url = {https://github.com/encryptogroup/ABY},
    year = {2024}
}

@book{DBLP:reference/sp/2018mdp,
  editor       = {Aris Gkoulalas{-}Divanis and
                  Claudio Bettini},
  title        = {Handbook of Mobile Data Privacy},
  publisher    = {Springer},
  year         = {2018},
}

@book{DBLP:conf/esorics/2009-5599,
  editor       = {Claudio Bettini and
                  Sushil Jajodia and
                  Pierangela Samarati and
                  Xiaoyang Sean Wang},
  title        = {Privacy in Location-Based Applications, Research Issues and Emerging
                  Trends},
  publisher    = {Springer},
  year         = {2009},
}

@article{DBLP:journals/fcsc/LiuZSTZ24,
  author       = {Fengxia Liu and
                  Zhiming Zheng and
                  Yexuan Shi and
                  Yongxin Tong and
                  Yi Zhang},
  title        = {A survey on federated learning: a perspective from multi-party computation},
  journal      = {Frontiers Comput. Sci.},
  volume       = {18},
  number       = {3},
  pages        = {181336},
  year         = {2024},
}

@article{DBLP:journals/corr/abs-2312-12012,
  author       = {Yuxiang Wang and
                  Yuxiang Zeng and
                  Yi Xu and
                  Zimu Zhou and
                  Yongxin Tong},
  title        = {Efficient and Private Federated Trajectory Matching},
  journal      = {CoRR},
  volume       = {abs/2312.12012},
  year         = {2024},
}

@article{DBLP:journals/fcsc/SunWTL24,
  author       = {Nan Sun and
                  Wei Wang and
                  Yongxin Tong and
                  Kexin Liu},
  title        = {Blockchain based federated learning for intrusion detection for Internet
                  of Things},
  journal      = {Frontiers Comput. Sci.},
  volume       = {18},
  number       = {5},
  pages        = {185328},
  year         = {2024},
}

@misc{googlemaps,
    author = {{Google Maps}},
    url = {https://www.google.cn/maps/},
    year = {2024}
}

@misc{waze,
    author = {{Waze}},
    url = {https://www.waze.com},
    year = {2024}
}

@misc{facebook,
    author = {{Facebook}},
    url = {https://www.facebook.com},
    year = {2024}
}

@misc{instagram,
    author = {{Instagram}},
    url = {https://www.instagram.com},
    year = {2024}
}

@misc{yelp,
    author = {{Yelp}},
    url = {https://www.yelp.com},
    year = {2024}
}

@misc{tripadvisor,
    author = {{TripAdvisor}},
    url = {https://www.tripadvisor.com},
    year = {2024}
}